<record><leader>00000cas a22000007a 4500</leader><controlfield tag="001">10583063</controlfield><controlfield tag="008">840402d18761876nbuwr ne      0   b0swe d</controlfield><datafield ind1=" " ind2=" " tag="010"><subfield code="a">sn 84022818 </subfield></datafield><datafield ind1=" " ind2=" " tag="040"><subfield code="a">NPX</subfield><subfield code="b">eng</subfield><subfield code="c">NPX</subfield><subfield code="d">MQN</subfield><subfield code="d">NVG</subfield><subfield code="d">OCLCQ</subfield></datafield><datafield ind1=" " ind2=" " tag="042"><subfield code="a">msc</subfield></datafield><datafield ind1=" " ind2=" " tag="043"><subfield code="a">n-us-nb</subfield></datafield><datafield ind1="0" ind2="0" tag="245"><subfield code="a">Folkets tidning.</subfield></datafield><datafield ind1=" " ind2=" " tag="260"><subfield code="a">Omaha, Neb. :</subfield><subfield code="b">Larsson &amp; Salholm</subfield></datafield><datafield ind1=" " ind2=" " tag="300"><subfield code="a">v.</subfield></datafield><datafield ind1=" " ind2=" " tag="310"><subfield code="a">Weekly</subfield></datafield><datafield ind1="1" ind2=" " tag="362"><subfield code="a">Began with Nov. 30, 1876 issue; ceased in Dec. 1876?</subfield><subfield code="z">Cf. Gregory, W. Amer. newspapers.</subfield></datafield><datafield ind1=" " ind2=" " tag="500"><subfield code="a">Editor: P.N. Elarth, &lt;1876&gt;.</subfield></datafield><datafield ind1=" " ind2=" " tag="546"><subfield code="a">In Swedish.</subfield></datafield><datafield ind1=" " ind2=" " tag="588"><subfield code="a">Description based on: Jarg. 3, nr. 31 (4 aug. 1876).</subfield></datafield><datafield ind1="1" ind2=" " tag="700"><subfield code="a">Elarth, P. N.</subfield></datafield><datafield ind1=" " ind2=" " tag="752"><subfield code="a">United States</subfield><subfield code="b">Nebraska</subfield><subfield code="c">Douglas</subfield><subfield code="d">Omaha.</subfield></datafield><datafield ind1="0" ind2="0" tag="780"><subfield code="t">Kansas monitoren</subfield></datafield><datafield ind1="0" ind2="0" tag="785"><subfield code="t">Nya Folkets tidning</subfield><subfield code="w">(DLC)sn 88086151</subfield></datafield></record>